@article{bair2021,
  title = {Snow Property Inversion From Remote Sensing (SPIReS): A Generalized Multispectral Unmixing Approach With Examples From MODIS and Landsat 8 OLI.},
  author = {E. H. Bair and T. Stillinger abd J. Dozier},
  journal = {IEEE Transactions on Geoscience and Remote Sensing},
  volume = {59},
  number = {09},
  pages = {7270-7284},
  year = {2019},
  url = {https://doi.org/10.1109/TGRS.2020.3040328},
}

@article{spires2021,
  title = {Snow Property Inversion From Remote Sensing (SPIReS): A Generalized Multispectral Unmixing Approach With Examples From MODIS and Landsat 8 OLI},
  author = {E. H. Bair and T. Stillinger and J. Dozier},
  journal = {IEEE Transactions on Geoscience and Remote Sensing},
  volume = {59},
  number = {09},
  pages = {7270-7284},
  year = {2021},
  url = {https://doi.org/10.1109/TGRS.2020.3040328},
}

@article{liston1999,
  title = {Interrelationships among Snow Distribution, Snowmelt, and Snow Cover Depletion: Implications for Atmospheric, Hydrologic, and Ecologic Modeling},
  author = {G.E. Liston},
  journal = {Journal of Applied Meteorology and Climatology},
  volume = {38},
  number = {10},
  pages = {1474-1487},
  year = {1999},
  url = {https://doi.org/10.1175/1520-0450(1999)038<1474:IASDSA>2.0.CO;2},
}

@article{newton2021,
  title = {Spatial and Temporal Shifts in Historic and Future Temperature and Precipitation Patterns Related to Snow Accumulation and Melt Regimes in Alberta, Canada},
  author = {B.W. Newton and B. Farjad and J.F. Orwin},
  journal = {Water},
  volume = {13},
  number = {8},
  pages = {1013},
  year = {2021},
  url = {https://doi.org/10.3390/w13081013},
}

@misc{stillinger2022,
  title = {Remotely-sensed products of Snow research at UC Santa Barbara and The Cold Regions Research and Engineering Laboratory (CRREL) and University of California Santa Barbara (UCSB) Energy Site},
  author = {T. Stillinger and E. Bair and M. Colee and B. Davis and J. Dozier},
  year = {2022},
  url = {https://snow.ucsb.edu/index.php/remotely-sensed-products/},
}

@misc{conda,
  title = {Conda—Conda 4.13.0 documentation. Revision f072c34d.},
  author = {Anaconda, Inc},
  year = {2017},
  url = {https://docs.conda.io/projects/conda/en/latest/index.html},
}

@misc{hdf5,
  title = {Python and HDF5 (First Release).},
  author = {A. Collette},
  journal = {O’Reilly},
  year = {2013},
  url = {https://learning.oreilly.com/library/view/python-and-hdf5/9781491944981/},
}

@misc{gdal,
  title = {GDAL/OGR Geospatial Data Abstraction software Library},
  author = {GDAL/OGR contributors},
  year = {2020},
  url = {https://gdal.org},
}

@misc{rasterio,
  title = {Rasterio Documentation},
  author = {S. Gillies},
  year = {2022},
  url = {https://rasterio.readthedocs.io/en/latest/},
}

@misc{matplotlib,
  title = {Matplotlib: A 2D graphics environment},
  author = {J. D. Hunter},
  journal = {Computing in Science & Engineering},
  volume = {9},
  number = {3},
  pages = {90-95},
  year = {2007},
}

@misc{imageio,
  title = {Imageio Documentation. Release 2.19.3},
  author = {imageio contributors},
  year = {2022},
  url = {https://imageio.readthedocs.io/en/stable/},
}

@misc{plotly,
  title = {Collaborative data science. Montreal, QC: Plotly Technologies Inc},
  author = {P. T. Inc},
  year = {2015},
  url = {https://plot.ly},
}

@misc{pandas,
  title = {Data structures for statistical computing in Python},
  author = {W. McKinney and Others},
  journal = {Proceedings of the 9th Python in Science Conference},
  volume = {445},
  pages = {51-56},
  year = {2010},
}

@misc{shiny,
  title = {Shiny from RStudio},
  author = {RStudio},
  year = {2022},
  url = {https://shiny.rstudio.com/},
}

@misc{rioxarray,
  title = {rioxarray Documentation. Release 0.11.0},
  author = {RStudio},
  year = {2022},
  url = {https://corteva.github.io/rioxarray/stable/index.html},
}

@misc{wget,
  title = {wget Documentation. Release 3.2},
  author = {A. Techtonik},
  year = {2015},
  url = {https://pypi.org/project/wget/},
}

@misc{leafmap,
  title = {Leafmap: A Python package for interactive mapping and geospatial analysis with minimal coding in a Jupyter environment},
  author = {Q. Wu},
  year = {2021},
  journal = {Journal of Open Source Software},
  volume = {6},
  number = {63},
  pages = {3414},
  url = {https://doi.org/10.21105/joss.034},
}

@misc{python,
  title = {Python reference manual},
  author = {G. Van Rossum, G. and F. L. Drake Jr},
  journal = {Centrum voor Wiskunde en Informatica Amsterdam},
  year = {1995},
}

@article{xarray,
  title   = {xarray: {N-D} labeled arrays and datasets in {Python}},
  author  = {Hoyer, S. and J. Hamman},
  journal = {In revision, J. Open Res. Software},
  year    = {2017},
}

@Article{         numpy,
 title         = {Array programming with {NumPy}},
 author        = {Charles R. Harris and K. Jarrod Millman and St{\'{e}}fan J.
                 van der Walt and Ralf Gommers and Pauli Virtanen and David
                 Cournapeau and Eric Wieser and Julian Taylor and Sebastian
                 Berg and Nathaniel J. Smith and Robert Kern and Matti Picus
                 and Stephan Hoyer and Marten H. van Kerkwijk and Matthew
                 Brett and Allan Haldane and Jaime Fern{\'{a}}ndez del
                 R{\'{i}}o and Mark Wiebe and Pearu Peterson and Pierre
                 G{\'{e}}rard-Marchant and Kevin Sheppard and Tyler Reddy and
                 Warren Weckesser and Hameer Abbasi and Christoph Gohlke and
                 Travis E. Oliphant},
 year          = {2020},
 month         = sep,
 journal       = {Nature},
 volume        = {585},
 number        = {7825},
 pages         = {357--362},
 doi           = {10.1038/s41586-020-2649-2},
 publisher     = {Springer Science and Business Media {LLC}},
 url           = {https://doi.org/10.1038/s41586-020-2649-2}
}